2143 3282
413 208 587 254 stationi
617 207 760 250 lotum
780 220 829 248 ne
848 201 1022 246 faceret:
1039 198 1161 246 simul
1178 203 1363 246 Paterno
1378 203 1525 246 animo
1541 199 1670 247 vellet
1685 198 2003 245 commonitam
2021 217 2034 253 5

413 297 428 322 ¹.
445 293 460 324 t
477 310 490 331 ,
506 276 608 323 dum
624 273 674 318 de
692 290 780 318 non
799 270 975 317 ablimili
991 267 1281 315 substituendo
1306 273 1428 333 Rege
1442 267 1688 316 deliberaret
1700 299 1714 322 ,
1743 267 2033 333 tranquillita-

412 350 463 393 tis
482 345 658 410 publica:
679 342 965 388 incolumitati
995 337 1210 385 seruandae
1226 369 1239 392 ,
1269 339 1524 403 tuendaeque
1551 337 1805 403 prospiceret
1821 371 1832 382 .
1866 341 1931 392 Se,
1950 338 2031 385 hoc

414 417 586 463 interim
602 411 752 476 spatio,
766 409 870 456 nihil
887 425 1018 455 mora:
1038 405 1114 454 effe
1132 407 1506 473 interpositarum3
1533 410 1638 472 quin
1659 409 1801 472 primo
1817 425 2032 473 quoqum.

416 501 622 548 tempore,
640 485 748 544 Regi
768 479 819 525 de
846 475 1073 525 pontificia
1093 480 1344 541 Dignitate,
1361 486 1403 525 Sc
1422 477 1672 542 Apostolica
1687 476 1790 524 Sede
1809 477 2036 544 praeclaris·

419 556 518 601 lime
538 564 706 603 merito,
726 549 930 595 solemnia
946 546 1055 592 Iusta
1072 546 1327 611 persolueret
1342 579 1353 591 .
1386 549 1557 611 Qbus
1581 547 1800 612 Ablegato
1818 547 1925 595 bene
1941 566 2036 614 pre-

417 639 532 671 catus
547 653 560 676 ‚
581 619 766 666 eundem
780 636 900 664 nouo
916 649 931 671 ⁷
949 616 1246 681 specstabilique
1264 616 1482 682 dignitatis
1496 618 1624 663 titulo
1642 621 1832 672 autkum,
1846 616 2004 667 dimisit
2019 637 2033 675 3

414 709 461 742 vt
478 696 585 739 inter
609 688 804 752 Pz’oefltlcs
823 684 1048 751 vti-iqfiyue
1066 687 1302 748 Signatum
1318 718 1332 742 ,
1349 699 1406 734 vt
1420 700 1583 734 vocant
1596 718 1611 742 ‚
1638 682 1953 750 Rfi’rendarios
1968 706 2034 736 re-

415 761 647 810 censeretur
664 778 674 804 :
689 759 778 823 quo
795 767 839 806 δε
853 759 1039 804 muneris
1054 788 1068 811 ‚
1093 774 1183 821 quo
1203 756 1256 803 ad
1287 757 1587 823 Apostolicam
1603 756 1751 804 Sedem
1769 756 1865 806 esset
1881 758 2033 806 defun-

414 838 503 881 etus
518 863 531 886 ,
554 844 800 895 perpetuam
821 825 1246 874 commendationem
1272 827 1445 874 haberet
1463 845 1476 883 3
1493 837 1537 875 δε
1565 829 1695 875 Sacris
1715 829 2033 894 Exequialibus,

414 907 458 950 in
479 898 710 950 Pontificio
729 899 888 945 Sacello
905 897 1100 963 proxime
1114 896 1474 952 concelebrandis,
1490 898 1717 945 honestiori
1732 900 1831 945 loco
1846 897 2033 947 interesse

414 970 546 1039 poss'et
563 1003 574 1014 .
599 973 653 1016 Et
666 988 712 1015 ca
729 967 904 1032 quidem
922 972 1058 1020 Sacra,
1075 966 1173 1014 cum
1190 966 1411 1015 Pontificis
1429 971 1631 1023 Maximi,
1648 978 1690 1016 &
1708 969 1951 1034 Apostolici
1964 973 2034 1017 Se-

412 1058 536 1089 natus
568 1036 774 1086 consessus
799 1038 1141 1103 augustissimus3
1176 1036 1270 1084 tum
1299 1038 1525 1086 lectissima
1544 1038 1757 1086 nobilium
1773 1040 2033 1092 hominum„

414 1113 650 1177 frequentia
665 1108 908 1155 nobilitauit
925 1141 937 1152 .
953 1108 1329 1155 Eminentiflimus
1345 1112 1561 1174 Princeps,
1576 1112 1864 1158 CAROLVS
1881 1110 2034 1157 Cardi-

418 1184 527 1229 nalis
540 1182 853 1229 BARBERIN
862 1182 925 1239 VS
944 1178 1136 1225 Poloniae
1152 1182 1507 1234 Protector‚Re1n
1526 1182 1737 1228 Diuinam
1751 1179 1933 1228 solemni
1949 1184 2035 1228 ritu

412 1253 510 1300 fecit
527 1285 538 1296 .
574 1256 643 1299 De
662 1250 794 1313 Regis
807 1248 1020 1304 laudibus,
1038 1252 1082 1296 Ρ.
1098 1249 1284 1296 Carolus
1295 1249 1346 1296 de
1363 1253 1546 1316 Aquino
1573 1253 1790 1298 Societatis
1803 1247 1911 1306 Iesu,
1924 1257 2035 1300 Ora—

410 1326 576 1370 tionem
603 1319 752 1366 habuit
767 1352 778 1363 .

545 1390 630 1438 Sub
649 1390 754 1443 haec,
773 1391 1146 1439 Eminentiffimus
1161 1391 1277 1439 idem
1296 1393 1513 1456 Princeps,
1528 1390 1769 1439 cardinalis
1782 1390 2035 1440 Barberinus

407 1461 593 1529 agitabat
616 1464 791 1513 animo,
822 1477 957 1524 quam
990 1461 1267 1527 potissimum
1295 1466 1508 1509 rationem
1537 1464 1689 1517 iniret,
1705 1477 1755 1511 vt
1781 1465 1826 1509 in
1842 1461 2034 1525 Templo

409 1534 517 1582 Diui
544 1533 865 1579 STANISLAI
897 1535 1101 1579 Nationis
1116 1533 1293 1581 Polonae
1307 1563 1321 1587 a
1337 1530 1412 1579 suo
1432 1535 1632 1597 priuatim
1648 1535 1827 1580 nomine
1842 1563 1858 1587 ,
1877 1529 2035 1596 fignifi-

409 1605 519 1651 catio
535 1603 676 1666 aliqua
691 1599 771 1647 suae
787 1604 830 1647 in
849 1606 1015 1667 Regem
1033 1603 1375 1657 demortuum,&
1390 1605 1664 1651 Polonorum
1680 1601 2035 1668 Rempublicam‚

412 1672 721 1721 studiosissimae
743 1671 979 1719 voluntatis
993 1705 1007 1728 ,
1025 1674 1195 1739 publice
1224 1689 1409 1721 extaret.
1443 1675 1587 1721 Multa
1609 1683 1652 1721 &
1681 1675 1880 1740 praeclara
1897 1671 2033 1720 medi-

410 1746 531 1798 tanti,
549 1742 749 1807 angustiae
779 1742 862 1789 loci
890 1742 1194 1792 obnitebantur
1210 1776 1222 1787 .
1256 1745 1428 1800 Quibus
1457 1743 1634 1791 demum
1652 1747 1814 1799 inuitis,
1828 1742 2033 1790 Funebris

406 1819 574 1878 Pompa
604 1817 648 1859 in
675 1811 829 1859 eodem
856 1814 1045 1878 Templo
1061 1812 1396 1879 splendidissime
1420 1815 1620 1870 exhibita,
1634 1814 1690 1862 ita
1706 1815 1760 1862 ad
1776 1813 1814 1861 se
1829 1815 2034 1860 omnium

407 1887 606 1937 animos,
634 1882 1053 1948 admirationemque
1077 1887 1288 1932 conuertit
1303 1917 1317 1940 ,
1344 1900 1392 1933 vt
1408 1886 1451 1932 in
1465 1884 1552 1950 ipsa
1566 1888 1752 1932 arctioris
1770 1887 2035 1949 iniquitatea

408 1955 508 2009 loci,
524 1951 710 2001 eiusdem
727 1955 863 2001 Pietas
881 1985 895 2008 ‚
909 1969 1038 2019 atque
1064 1953 1389 2020 Magnificentia
1417 1956 1620 2003 latissime
1639 1953 1883 2003 elucesceret
1898 1987 1910 1999 .
1947 1958 2036 2001 Ac·

409 2022 611 2072 cesserunt
627 2024 793 2088 reliquo
807 2023 1120 2078 ornatui71nscri
1125 2028 1464 2091 ptiones,omnes
1480 2024 1661 2091 praefixae
1676 2025 1857 2074 Tabulis
1874 2057 1888 2080 ,
1907 2038 2037 2089 quot-

408 2110 518 2159 quot
550 2097 687 2158 Regia
722 2093 911 2141 facinora
939 2095 1154 2143 coloribus
1183 2095 1498 2143 adumbrabant
1514 2127 1528 2151 ,
1557 2113 1661 2161 quas
1676 2095 1834 2161 ingenij
1850 2094 1910 2141 sui
1925 2126 1940 2149 ,
1962 2111 2036 2142 cu-

408 2181 547 2230 raeque
584 2178 732 2228 partus
768 2161 846 2212 effe
872 2164 1014 2212 voluit
1041 2198 1052 2210 .
1085 2169 1136 2212 In
1175 2167 1350 2231 Templi
1380 2166 1482 2213 facie
1497 2198 1510 2221 ‚
1540 2166 1663 2231 pullo
1700 2169 1862 2212 amietu
1892 2180 2037 2212 conte-

409 2238 474 2282 aa
487 2266 502 2289 ‚
533 2233 845 2281 extollebantur
863 2237 1000 2300 Regia
1031 2236 1218 2301 Insignia
1235 2267 1249 2291 ,
1280 2235 1545 2283 subobscuris
1574 2236 1789 2283 coloribus
1819 2236 2038 2283 illumina-

409 2320 480 2358 ta,
507 2305 704 2351 velorum
721 2304 907 2364 lacinijs,
935 2324 985 2351 ex
1004 2307 1331 2371 vtroquelatere
1344 2307 1439 2372 apte
1467 2305 1773 2353 defluentibus.
1808 2304 2038 2359 Eiusdem„

407 2376 561 2420 coloris
588 2373 699 2422 veste
716 2407 730 2428 ,
759 2372 828 2421 sed
857 2374 1048 2422 candidis
1079 2376 1356 2442 bombycinis
1388 2378 1640 2432 interieetis,
1661 2375 1886 2423 conuestiti
1909 2392 2031 2424 erant

407 2446 581 2509 Templi
599 2448 802 2509 parietes:
820 2462 931 2509 quos
956 2446 1124 2493 laruatae
1144 2449 1312 2494 Mortes
1328 2478 1342 2501 ,
1359 2446 1482 2511 Regij
1502 2449 1746 2493 Stemmatis
1764 2443 1938 2494 Tefferae
1956 2477 1971 2500 ‚
1992 2455 2035 2494 δέ

403 2515 551 2560 bellica
567 2515 774 2581 Symbola
791 2531 965 2580 argento
979 2547 993 2571 ,
1024 2535 1215 2581 auroque
1229 2519 1334 2564 illita
1349 2549 1363 2572 ‚
1380 2519 1501 2564 certis
1533 2518 1767 2564 interuallis
1792 2535 1866 2581 per
1883 2530 2033 2562 extan-

406 2601 466 2631 tes
478 2585 581 2648 pilas
595 2584 804 2639 distincta,
820 2585 1166 2634 discriminabant
1179 2621 1190 2631 .
1227 2589 1347 2635 Pulla
1363 2591 1465 2635 item
1479 2592 1612 2641 Zona,
1626 2606 1677 2634 ex
1695 2588 1871 2652 Templi
1889 2591 2034 2634 Coro-

409 2672 462 2700 na
479 2657 647 2702 tractim
661 2686 675 2708 ‚
701 2658 1055 2721 continenterque
1069 2656 1264 2705 decidens
1279 2690 1292 2713 ,
1320 2660 1477 2706 mirum
1510 2661 1553 2704 in
1574 2657 1758 2705 modum
1775 2658 2033 2721 elegantiam

411 2726 568 2788 Operis
584 2725 918 2773 commendabat
936 2745 948 2782 3
982 2727 1171 2774 candidis
1187 2729 1207 2774 ὲ
1223 2727 1396 2776 carbaso
1414 2729 1593 2774 flexibus
1612 2727 1847 2774 identidem
1860 2726 2034 2792 adapta-

412 2796 463 2840 tis
478 2810 491 2848 3
508 2794 910 2859 praegraiidibustlue
924 2799 1205 2861 ce1·eiS‚longo
1231 2799 1382 2846 ordine
1395 2799 1704 2845 collucentibus
1718 2830 1731 2853 ,
1748 2807 1792 2846 &
1809 2801 1914 2845 mira
1930 2815 2035 2844 con-

412 2866 621 2909 cinnitate
646 2863 849 2928 dispositis
866 2898 878 2909 .
912 2869 1068 2913 fornix
1085 2899 1098 2921 ,
1127 2868 1245 2931 quasi
1277 2868 1362 2934 ipse
1389 2870 1520 2916 etiam
1547 2869 1871 2917 condocefaaus
1898 2868 1951 2915 ad
1969 2871 2035 2917 lu-

412 2937 528 2980 &um
545 2963 559 2987 ,
589 2948 773 2981 atratum
791 2935 971 2984 Coelum
989 2969 1002 2991 ‚
1034 2936 1249 3003 stellasque
1276 2938 1474 3006 lugubres
1492 2971 1506 2996 ³
1539 2939 1671 3001 taenijs
1697 2939 1749 2988 ad
1766 2958 1912 2987 earum
1928 2938 2037 3005 figu-

1876 3030 1967 3059 ΜΠ]
