2143 3282
186 149 1608 265 DESCRIPTIO

336 313 712 380 POMPAE
761 313 1454 397 EXEQVIALIS.

421 470 425 477 -
489 439 530 483 V
533 450 706 490 antam,
736 437 989 485 IOANNE
1007 436 1156 483 Tertio
1183 436 1375 485 Poloniae
1408 443 1530 503 Rege
1555 440 1707 487 eviuis

438 526 442 540 ε
506 521 680 585 erepto,
697 503 858 552 doloris
875 536 889 560 ,
919 504 1139 571 lu&usque
1164 507 1434 555 acerbitatem
1454 513 1597 556 Roma
1616 528 1708 595 pcr-

506 579 662 640 ceperit
694 593 805 629 ,non
833 575 1004 622 aliunde
1020 582 1157 641 magis
1172 576 1269 622 licet
1285 578 1517 639 conijcere3
1546 598 1710 644 quam„

437 644 469 704 ’ς
501 661 554 691 cx
568 659 660 702 tot,
688 660 865 711 tamque
882 644 1020 693 eflufis
1045 647 1224 711 publicae
1252 649 1546 711 gratulationis
1565 681 1580 704 ,
1605 652 1711 697 leti-

312 754 327 770 „
378 706 424 756 Α
444 732 468 790 3
501 718 656 781 tiaeque
674 715 923 777 testimonijs
941 748 955 771 ,
973 717 1128 781 quibus
1148 718 1416 765 immortales
1435 722 1708 768 inuic‘tiffimi

408 792 449 818 ·¹¹
505 788 636 851 Regis
652 784 798 832 laudes
812 816 826 840 ,
844 784 1127 851 superioribus
1145 790 1267 834 annis
1282 819 1296 841 ,
1313 791 1358 835 in
1373 789 1523 837 eadem
1539 793 1708 837 Ciuita—

505 854 700 913 te,mira
726 857 929 903 omnium
954 855 1175 905 Ordinum
1204 859 1445 914 alacritate,
1475 860 1711 925 plausuque

81 926 393 995 personuerunt
409 957 419 966 ·
453 929 731 991 chmque
747 925 801 972 ad
820 940 886 973 tot
906 928 1195 975 Victoriarum
1211 927 1487 976 faustissimos
1505 934 1709 985 nuncios,

81 1000 204 1046 illam
223 999 471 1045 animorum
485 999 830 1043 commotionem
846 1016 860 1053 3
883 997 981 1044 illos
997 996 1130 1044 turbae
1144 999 1272 1044 etiam
1290 1001 1582 1062 compitalitiae
1601 1000 1711 1047 festi-

79 1087 157 1116 uos
171 1067 390 1122 fremitus;
415 1068 711 1114 &innumeris
742 1066 901 1133 vbique
915 1067 1093 1114 laudum
1110 1068 1331 1132 praeconijs
1351 1067 1602 1135 vsurpatum
1619 1075 1707 1119 Re-

79 1141 203 1205 gium
217 1155 396 1192 nomen,
408 1137 454 1182 in
472 1140 728 1185 memoriam
744 1140 1079 1193 reuocauerit3is
1092 1137 1285 1185 'demum
1303 1138 1613 1203 deprehendere
1629 1159 1710 1206 po-

81 1211 204 1264 terit,
228 1223 356 1274 atque
381 1207 607 1273 colligere,
632 1207 764 1274 quam
792 1208 874 1255 alte
900 1209 1175 1274 grauiffimus
1190 1226 1334 1255 recens
1352 1211 1499 1258 inflicti
1517 1212 1704 1259 vulneris

84 1281 292 1327 cruciatus
309 1309 323 1333 ,
355 1280 401 1324 in
417 1282 616 1325 omnium
630 1278 759 1325 corda
788 1277 1069 1326 descenderit.
1102 1280 1445 1346 Qamuisluctu
1468 1281 1711 1346 prostrata..

83 1350 251 1398 Ciuitas
267 1379 281 1404 ,
310 1347 416 1395 dum
445 1351 576 1414 Regis
601 1348 753 1396 decora
771 1349 1174 1404 commemorandi,
1201 1350 1521 1416 extollendique
1538 1353 1710 1399 nullum

86 1419 162 1466 sibi
181 1417 312 1466 finem
329 1418 570 1466 constituit·
561 1453 573 1475 ,
588 1420 757 1467 occulto
776 1419 970 1485 quodam
986 1419 1302 1468 iucundiffimae
1323 1422 1558 1487 voluptatis
1572 1421 1707 1478 sensu,

86 1507 202 1536 nunc
219 1492 349 1537 etiam
366 1491 551 1554 capitur:
568 1505 615 1539 vt
629 1489 833 1538 ostentare
841 1491 957 1571 ‘palai
960 1509 992 1536 n
1009 1491 1144 1555 possit
1159 1522 1174 1542 ,
1186 1494 1499 1540 IOANNEM
1516 1497 1713 1559 Regem„

86 1562 132 1606 in
159 1558 249 1625 ipso
276 1559 491 1608 moestitiae
515 1561 692 1625 publicae
712 1564 896 1626 gremio,
913 1559 1134 1626 speciohus
1150 1563 1524 1627 triumphantem.

229 1628 457 1678 Coeterum
481 1630 556 1678 vbi
584 1630 803 1695 primum,
831 1631 1079 1696 supremum
1108 1631 1222 1678 diem
1248 1629 1389 1694 obijfle
1402 1637 1714 1682 lOANNEM

88 1707 257 1767 Regem
274 1703 318 1747 in
336 1701 517 1748 Polonia
533 1700 732 1748 rescitum
744 1701 1190 1758 est3Eminentissimus
1206 1704 1406 1768 Princeps
1424 1707 1714 1751 MICHAEL

88 1772 330 1821 Cardinalis
347 1774 759 1821 RADZIEOVSKI
776 1804 790 1828 ,
806 1771 1165 1837 Archiepiscopus
1177 1771 1435 1821 Gnesnenfis
1455 1805 1470 1828 ,
1487 1783 1532 1822 &
1551 1776 1716 1822 Primas

89 1840 400 1908 Supremusque
429 1844 602 1889 Senatus
624 1843 821 1890 Polonici
840 1841 1333 1897 Praeses,10ANNEM
1358 1847 1719 1893 CASIMIRVM

87 1916 311 1962 BOKVM
328 1914 603 1959 Canonicum
618 1911 912 1960 Gnesnensem
924 1944 938 1967 ι,
953 1922 996 1961 ὃς
1014 1913 1344 1961 Cracouiensem
1357 1914 1529 1968 ,illustri
1544 1932 1713 1979 genere,

88 1992 134 2031 δέ
153 1980 308 2029 eximia
326 1984 482 2029 virtute
498 1985 642 2029 virum
658 2014 672 2037 ,
702 1987 895 2031 Romam
914 1984 1071 2047 legauit
1088 2002 1098 2029 ε
1117 1998 1166 2031 vt
1193 2002 1245 2029 eo
1271 1988 1573 2040 Internuncio,
1599 1983 1680 2032 suis
1697 2016 1712 2040 ,

87 2050 346 2117 Senatusque
361 2052 515 2107 verbis,
530 2054 964 2102 INNOCENTIVS
982 2057 1081 2101 XII.
1095 2053 1293 2101 Pontifex
1308 2057 1547 2109 Maximus,
1563 2054 1614 2101 de
1631 2060 1718 2104 Re-

86 2126 151 2189 gis
168 2137 306 2169 morte
322 2122 594 2187 cognosceret
609 2155 621 2167 .
657 2122 912 2188 AblegatuS,
929 2123 1069 2171 statim
1083 2139 1209 2188 atque
1226 2128 1418 2172 Romam
1443 2125 1613 2191 appulit
1635 2157 1649 2180 ,
1666 2126 1718 2171 ab

87 2195 444 2242 Eminentiffimo
459 2195 653 2258 Principe
665 2197 929 2242 CAROLO
947 2193 1169 2241 Cardinali
1187 2198 1567 2250 BARBERINO,
1587 2196 1718 2243 Polo-

87 2266 169 2312 niae
195 2267 436 2312 protectore
450 2295 464 2319 ,
480 2262 533 2310 ad
550 2263 802 2311 Pontificios
818 2263 945 2329 pedes
962 2296 975 2318 ,
1006 2265 1142 2312 nobili
1169 2263 1480 2330 splendidoque
1509 2269 1717 2312 comitatu

90 2334 295 2384 deductus
311 2333 369 2381 est
381 2366 393 2377 ·
424 2333 561 2399 Apud
577 2353 709 2400 quem
738 2334 1004 2400 depromptis
1032 2335 1161 2382 literis
1179 2367 1192 2390 ,
1222 2335 1378 2400 quibus
1408 2335 1587 2401 publica:
1602 2335 1718 2383 Fidei

89 2406 323 2452 authoritas
339 2406 473 2450 inerat
488 2436 501 2458 ,
518 2423 564 2451 ea
579 2404 758 2459 addidit,
775 2405 931 2470 quibus
949 2405 1164 2460 Pontifici,
1179 2410 1442 2454 IOANNIS
1457 2409 1586 2470 Regis
1604 2410 1713 2453 inte-

89 2477 192 2522 ritus
205 2506 220 2530 ,
248 2483 291 2522 ὅ(
307 2475 486 2522 Polonae
498 2476 764 2540 Reipublicae
781 2478 827 2522 in
845 2480 1097 2523 Romanam
1115 2475 1263 2522 Sedem
1279 2479 1527 2530 reuerentia,
1543 2480 1716 2523 innote-

90 2543 243 2593 sceret.
278 2543 476 2593 Pontifex
502 2544 701 2611 singulari
718 2546 988 2594 humanitate
1014 2561 1239 2610 exceptum
1258 2578 1272 2600 ,
1301 2546 1586 2610 habitumque
1602 2578 1616 2600 ,
1636 2565 1723 2594 cer-

91 2617 306 2664 tiffimum
321 2614 398 2662 esse
410 2615 556 2670 iuffit,
581 2617 688 2663 nihil
708 2616 784 2663 fibi
800 2615 990 2663 acerbius
1007 2620 1254 2681 contingere
1270 2614 1449 2681 potuiffe
1467 2635 1479 2671 3
1496 2615 1628 2681 quam
1644 2650 1657 2672 ,
1677 2633 1725 2665 vt

88 2687 136 2733 in
154 2704 206 2732 eo
233 2684 460 2750 praesertim
486 2704 628 2733 rerum
643 2687 822 2734 articulo
838 2718 852 2741 ,
878 2685 970 2733 tam
988 2687 1241 2751 praeclarum
1259 2686 1390 2735 Orbis
1406 2687 1636 2734 Christiani
1654 2688 1726 2733 de-

92 2774 166 2804 cus
181 2788 195 2810 ,
215 2764 258 2803 s&
274 2756 576 2804 fulcimentum
589 2756 888 2804 desideraretur
901 2790 912 2800 .
945 2762 1014 2804 De
1032 2756 1158 2804 inlita
1175 2757 1446 2804 Polonorum
1465 2760 1621 2804 animis
1649 2760 1726 2806 im,

92 2830 344 2874 Romanam
359 2825 509 2874 Sedem
525 2826 793 2874 obseruantia
812 2845 930 2882 ,non
952 2825 1027 2874 effe
1054 2846 1127 2875 cur
1152 2828 1245 2875 vllo
1270 2845 1467 2892 vnquam
1494 2842 1725 2891 tempore-s

94 2895 224 2962 posset
240 2896 455 2962 ambigere
471 2930 482 2942 .
499 2901 559 2946 Ea
577 2902 641 2947 vti
654 2898 934 2964 Reipublicae,
949 2895 1034 2944 suis
1048 2898 1190 2947 verbis
1206 2896 1354 2946 diserte
1368 2900 1606 2951 nunciaret,
1622 2916 1726 2945 cun-

858 2971 898 3016 A
972 2986 997 3014 2
1473 2970 1648 3014 c'tationi
