2143 3282
357 203 668 284 Me‚que1n
691 196 1050 281 iampridem
1077 193 1495 257 humanissime
1514 200 1576 257 in
1595 195 1756 256 suam
1778 194 1980 266 fidem,

355 291 895 368 Patrociniumque
929 302 1263 366 receperat,
1303 287 1365 343 in
1402 281 1815 344 'nonest-issiu]ae
1847 303 1981 365 pro-

355 380 575 437 uineiae
596 389 827 456 partem
850 371 1080 454 adlegit
1105 396 1115 438 3
1155 386 1229 432 vt
1252 368 1479 452 Regias
1500 369 1730 438 laudes,
1752 376 1814 431 in
1840 393 1979 454 prce·-

357 462 555 524 nobili
590 457 1054 542 splendidiffimi
1099 456 1361 517 Theatri
1396 457 1530 517 luce
1568 457 1979 539 prosequerer.

358 551 507 629 Qo
542 570 638 607 me
666 543 1013 608 testimonio
1033 549 1122 606 itii
1142 541 1604 604 cohonestatum
1626 540 1738 605 esse
1756 547 1982 608 intelli-

358 658 463 719 go;
501 653 575 698 vt
609 637 737 695 eius
773 627 1045 712 beneficij
1077 628 1564 713 magnitudinem
1591 678 1604 700 ,
1641 654 1761 692 non
1793 631 1983 694 modo

355 717 662 783 referenda
685 746 697 789 3
734 718 836 779 sed
858 741 931 779 ne
950 716 1277 800 cogitanda
1301 714 1551 797 quidem
1572 724 1761 800 gratia
1785 721 1984 781 conse-

358 813 464 892 qui
487 804 650 890 posse
669 805 922 870 videam
944 851 954 862 .
974 803 1168 884 Qiod
1188 810 1334 867 vero
1356 825 1465 872 me,
1491 825 1870 884 pei-mearum
1895 816 1988 870 vi-

356 901 516 958 rium
553 897 914 955 tenuitatem
946 893 1080 955 vllo
1107 911 1376 972 vnquam
1411 909 1679 973 tempore
1698 894 1987 975 praestitu-

356 1003 488 1044 rum
508 978 726 1041 diffido
747 1005 760 1048 3
799 1002 872 1040 ex
894 977 1098 1039 Vestri
1138 976 1432 1039 Nominis
1454 977 1854 1061 Inscriptione
1878 1028 1890 1049 ,
1921 1005 1989 1042 ae

358 1069 563 1132 Veluti
585 1083 870 1127 mutuato
892 1062 1210 1148 splendore
1231 1062 1441 1125 sarcire
1462 1111 1473 1132 ,
1492 1069 1765 1127 animum
1788 1091 1987 1128 meum

358 1153 600 1217 institui
624 1196 633 1206 -
682 1150 875 1233 Qod
897 1160 957 1214 ὃς
979 1152 1073 1216 illi
1094 1152 1264 1219 reike,
1289 1158 1350 1213 ἃ
1369 1150 1585 1213 ordine
1602 1159 1635 1213 a
1653 1175 1746 1214 me
1767 1160 1993 1237 cogita-

360 1259 493 1303 tum
518 1264 528 1310 3
564 1245 628 1301 ὅ(
648 1238 855 1300 Vobis
879 1284 892 1306 ,
925 1259 1036 1321 pro
1059 1237 1254 1301 vestra
1290 1243 1354 1299 in
1376 1236 1804 1321 amplissimum
1827 1241 1993 1302 Prin-

361 1332 561 1410 cipem
600 1325 807 1409 Regni
846 1324 1247 1387 Protee‘torem
1273 1371 1286 1393 ,
1306 1326 1632 1387 voluntate
1651 1372 1664 1395 ,
1686 1345 1868 1411 atque
1904 1332 1994 1389 iu-

363 1413 532 1476 dicio
553 1459 566 1483 ‚
613 1411 892 1476 existimo
930 1411 1058 1474 fore
1091 1410 1516 1496 gratissimum.
