2143 3282
335 96 1511 331 ORATIO*

521 476 551 520 I
566 470 703 518 dolori
708 469 877 536 publico
893 501 907 524 3
924 468 1265 517 Eminentiffimi
1285 469 1426 515 princi
1427 485 1500 534 pes
1514 499 1528 523 3
1551 481 1735 519 tantum

538 541 856 605 lachrymarum
870 541 1010 587 liceret
1025 538 1273 604 impendere,
1285 538 1334 584 in
1349 541 1516 586 Funere
1540 544 1732 590 JOAN-

537 613 594 661 Ν
597 617 624 660 Ι
628 616 655 660 8
683 609 830 678 Tertij
845 611 1026 658 Poloniae
1042 612 1165 671 Regis
1183 641 1196 665 3
1211 619 1380 672 quanta
1396 610 1512 656 illius
1528 611 1575 657 in
1591 613 1728 660 Euro—

529 696 638 750 pam
651 680 901 746 vniueisstm
915 713 929 736 3
957 696 1022 737 εγ
1040 680 1329 728 orthodoxam
1346 680 1604 742 Religionem
1600 680 1730 745 fuere

487 786 494 801 .
530 753 767 821 promerita
782 769 797 806 3
824 770 910 798 non
938 750 998 796 ad
1016 751 1162 813 exigui
1188 748 1506 811 ostentationem
1533 754 1729 817 temporis

398 831 404 842 '
449 850 457 864 ι
478 865 492 874 ,
526 824 710 890 squalor
739 820 810 886 iste
828 822 1060 887 exequialis
1076 852 1090 877 3
1118 839 1204 867 non
1232 821 1327 866 tam
1354 833 1496 868 mutos
1516 824 1701 887 parietes
1714 855 1730 877 3

527 896 662 960 quam
674 910 794 955 aegros
807 893 972 939 animos
987 903 1139 953 tegeret
1151 909 1165 946 3
1178 890 1263 954 ſsd
1282 890 1330 935 in
1341 886 1531 952 futuras
1557 905 1700 939 aetates
1716 925 1730 948 3

99 974 154 1009 vt
168 962 290 1025 Regis
303 963 466 1028 Optimi
480 961 690 1028 beneficia3
703 964 769 1010 ita
782 962 957 1010 iaetarae
969 960 1496 1026 acerbiffimaesignificatiQ
1511 962 1730 1029 [iustusque

99 1032 468 1097 transmitteretur
482 1072 493 1082 .
531 1033 851 1102 Iniquffmum
878 1034 993 1080 enim
1005 1031 1095 1098 efflet
1108 1063 1121 1087 3
1135 1032 1185 1078 in
1198 1033 1286 1078 eius
1302 1031 1515 1096 Principis
1530 1034 1734 1098 amffone

100 1102 335 1169 lachrymas
353 1102 582 1168 exarestere
596 1124 610 1162 3
638 1106 762 1152 cuius
789 1106 961 1152 virtute
976 1135 990 1159 3
1018 1115 1147 1169 atque
1146 1098 1363 1165 ftlicitate
1396 1101 1577 1148 Polonia
1591 1133 1606 1158 3
1632 1107 1733 1150 Ger-²

100 1175 249 1221 mania
265 1206 279 1230 3
296 1175 467 1240 Europa
481 1205 494 1230 3
521 1177 681 1238 Religio
698 1174 750 1221 ab
765 1175 982 1242 aeqtuffimo
1008 1186 1124 1220 metu
1144 1204 1158 1229 3
1185 1171 1245 1218 ad
1244 1170 1478 1238 pristinum
1493 1172 1701 1221 nitorem,
1716 1205 1731 1228 3

98 1243 434 1310 dignitatemque
456 1245 653 1309 restituta
678 1244 896 1310 refloruit.
929 1243 1215 1308 Succenſs’rem
1227 1239 1370 1306 ferme
1400 1242 1456 1289 N
1459 1255 1620 1299 aturae3
1639 1261 1730 1309 quae

100 1333 186 1362 non
210 1316 353 1363 <eterni
368 1314 521 1364 doloris
544 1316 808 1365 vberrimam
824 1333 985 1363 venam
1008 1313 1233 1378 indulserit
1250 1344 1264 1368 3
1282 1312 1360 1359 vbi
1374 1312 1640 1360 immortalia
1659 1313 1729 1379 effe

100 1386 247 1432 voluit
261 1383 392 1451 officia
409 1388 662 1435 meritorum
676 1421 686 1431 .
719 1388 804 1450 Ego
818 1390 919 1434 verb
924 1399 1001 1452 per
1014 1386 1133 1433 tanti
1145 1384 1355 1450 Principis
1371 1382 1515 1430 laudes
1526 1415 1540 1438 3
1567 1396 1733 1450 atque...

101 1458 308 1511 virtutes,
322 1454 441 1504 breui
453 1459 672 1505 Orationis
697 1457 865 1504 ambitu
880 1456 1009 1522 iussus
1027 1472 1248 1504 excurrere
1262 1486 1276 1510 3
1290 1472 1376 1501 non
1393 1452 1569 1518 abfiarde
1584 1455 1737 1502 doloris

101 1528 322 1590 ingenium
339 1527 493 1576 videar
508 1530 711 1576 imitatus
727 1547 740 1585 3
768 1526 943 1594 zfitnere
965 1524 1152 1591 luituoffi
1166 1521 1403 1590 confec‘ium
1419 1525 1634 1581 animum,
1653 1524 1734 1590 ipſs)

103 1597 290 1661 neglec‘tu
307 1628 322 1653 3
335 1615 385 1645 ac
391 1599 522 1666 prope
519 1599 728 1666 spualore
743 1600 961 1665 incomptae
975 1598 1197 1646 Orationis
1210 1593 1415 1659 ostendero
1433 1628 1445 1639 .

240 1669 407 1734 Excelsi
412 1671 552 1718 animi
565 1669 818 1733 magnitudo
837 1701 852 1724 3
878 1685 944 1727 ξε),
960 1670 1092 1732 Regia
1098 1666 1229 1734 plane
1246 1669 1274 1713 I
1278 1666 1416 1713 OAN
1419 1666 1506 1714 NI
1509 1670 1535 1713 S
1550 1665 1724 1719 indole53

88 1739 139 1805 ft
153 1739 266 1786 inter
276 1738 560 1806 tpfitpueritiae
575 1740 803 1807 crepundia
817 1741 984 1788 exeruit
998 1772 1011 1784 .
1041 1741 1089 1786 V
1091 1744 1140 1788 ix
1152 1739 1264 1785 enim
1278 1753 1409 1783 cunas
1426 1734 1594 1802 egreffias
1610 1768 1624 1792 3
1641 1736 1735 1781 tam

90 1811 353 1875 singularem
379 1829 550 1860 morum
578 1813 883 1859 maturitatem
889 1809 1147 1877 praesetulit3
1170 1809 1236 1855 ita
1251 1806 1310 1853 ad
1322 1824 1488 1854 omnem
1516 1824 1624 1854 verce
1640 1807 1736 1851 lau-

102 1881 169 1928 dis
185 1884 533 1946 prouocationem
558 1883 742 1946 exarsit3
773 1894 828 1930 vt
845 1898 899 1930 ex
899 1881 1091 1946 firmiori
1103 1891 1224 1928 aetate
1241 1910 1255 1934 3
1283 1893 1348 1935 ξφ*
1367 1878 1543 1940 longiori
1559 1893 1732 1923 rerum,

104 1952 384 2018 experientia,
406 1952 517 1999 nihil
529 1954 596 2000 illi
603 1950 781 2018 potuiffie
793 1952 1014 2000 videretur
1026 1949 1211 1998 accedere
1225 1981 1238 1993 .
1254 1946 1446 1995 Crederes
1460 1979 1475 2003 3
1502 1960 1582 1993 aut
1587 1947 1733 2013 pueri-

102 2024 214 2070 tiam
227 2025 256 2069 I
258 2023 398 2070 OAN
401 2024 457 2070 N
459 2026 489 2070 I
499 2055 513 2079 3
541 2037 622 2070 aut
651 2021 1182 2087 IOANNEMpueritiae
1198 2014 1360 2083 defuiſje
1379 2052 1390 2063 .
1424 2017 1510 2065 Sub
1538 2016 1735 2084 auspicijs

104 2093 241 2142 Ducis
265 2091 549 2143 POTOCKI
576 2093 636 2139 ad
646 2111 811 2142 omnem
815 2091 1108 2160 posteritatem
1135 2089 1343 2153 clariffimi
1357 2121 1372 2143 3
1391 2089 1535 2154 posttis
1553 2092 1609 2135 M
1616 2088 1736 2134 ilitiae

104 2163 359 2212 rudimentis
377 2195 393 2219 3
418 2166 514 2211 tam
530 2165 734 2229 inusttato
742 2181 889 2227 genere
903 2163 1043 2211 laudis
1060 2161 1269 2210 inclaruit
1285 2191 1299 2215 3
1317 2171 1372 2205 vt
1386 2190 1399 2214 3
1419 2177 1516 2205 cum
1530 2156 1735 2221 intestinae

103 2236 237 2298 Regni
251 2233 461 2298 discordiae
490 2236 637 2302 egregij
662 2236 940 2301 Imperatoris
967 2226 1433 2299 necfftatemfectffint
1451 2262 1465 2284 3
1495 2229 1605 2276 nihil
1615 2246 1738 2274 morae

89 2301 233 2369 fuerit
245 2323 259 2361 3
272 2306 380 2370 quin
397 2306 424 2351 ἒι
435 2308 542 2368 Rege
556 2308 696 2354 CASI
699 2309 760 2353 M
761 2309 790 2353 I
792 2308 887 2360 Ro,
899 2304 1130 2371 stapremus
1152 2317 1372 2350 armorum
1386 2299 1559 2347 Arbiter
1578 2315 1736 2346 renun-

105 2378 292 2424 ciaretur
305 2408 317 2419 .
350 2374 469 2423 Tam
488 2377 693 2443 praeclaro
725 2375 1051 2440 existimationis
1065 2375 1198 2436 Regiae
1217 2369 1451 2434 testimonio
1481 2369 1703 2432 instgnitus
1718 2401 1733 2423 3

106 2463 169 2504 ω’
189 2446 344 2492 anetus
360 2478 374 2501 3
391 2450 525 2512 quam
548 2448 634 2493 late
661 2447 852 2494 Polonici
864 2448 1092 2493 Exercitus
1110 2457 1312 2491 terrorem
1328 2439 1576 2506 diffuderit3
1598 2456 1736 2505 quan-

107 2532 199 2564 tam
212 2515 292 2582 ipſs?
310 2519 512 2563 continuo
511 2513 659 2580 fuerit
674 2517 953 2565 celebritatem
968 2515 1152 2565 nominis
1165 2511 1461 2577 consequutus,
1478 2510 1732 2563 tePolonia3

106 2586 246 2652 testem
263 2587 413 2651 appello
427 2606 439 2643 3
455 2604 588 2654 quam
587 2587 890 2652 fiditioffirum
905 2587 1127 2634 hominum
1141 2581 1402 2630 tumultibus
1415 2581 1627 2642 agitatam
1643 2611 1656 2634 3
1670 2580 1731 2625 la-

108 2671 298 2707 ceratam
322 2656 429 2724 odijs
443 2690 459 2713 3
472 2658 652 2724 perfidid
681 2657 952 2705 collabentem
966 2689 980 2712 3
1003 2657 1070 2703 ita
1098 2653 1385 2701 communiuit
1403 2683 1418 2706 3
1434 2649 1702 2716 fhstentauit
1721 2681 1736 2704 3

108 2729 242 2776 erexit
258 2745 273 2782 3
285 2739 340 2773 vt
353 2730 556 2775 collatum
571 2729 617 2775 in
632 2733 660 2776 Ι
663 2729 801 2776 OAN
803 2729 860 2776 N
862 2729 962 2775 EM
978 2742 1198 2773 armorum
1211 2722 1599 2789 Imperium3Regni
1614 2720 1662 2767 ho
1701 2736 1737 2764 es

108 2796 468 2860 contremifierent
482 2799 646 2865 semper
661 2818 676 2855 3
692 2798 777 2863 fibi
809 2813 1038 2863 nunquam
1053 2795 1171 2860 fitis
1202 2794 1379 2841 Polonia
1402 2793 1705 2854 gratularetur
1720 2823 1731 2833 .

108 2869 374 2917 Seditionum
396 2870 591 2918 ciuilium
606 2868 791 2917 motibus
803 2900 819 2924 3
851 2869 964 2915 mira
979 2864 1191 2914 celeritate
1207 2862 1426 2930 compreffis
1439 2894 1453 2918 3
1478 2874 1607 2927 atque
1612 2859 1738 2924 fida-

109 2942 165 2987 tis
181 2961 194 2999 3
211 2939 504 3004 expeditiorem
522 2942 647 2988 viam
664 2952 715 3006 ap
723 2940 834 2987 eruit
852 2938 1063 2986 Polonicis
1080 2937 1213 2985 armis
1230 2966 1246 2992 3
1276 2947 1333 2982 vt
1350 2946 1516 2981 externi
1533 2929 1655 2994 hostis
1674 2949 1739 2977 co-

898 3013 934 3055 B
1005 3025 1033 3055 2
1519 3014 1667 3056 natus,

385 549 392 565 ,
448 547 495 599 >3

126 696 155 718 Μ’
198 722 207 741 k
250 738 258 752 x
293 720 304 733 Ι

409 489 493 546 ..sa

407 636 411 639 ,
450 663 498 724 Ι.
